<collection xmlns="http://www.loc.gov/MARC21/slim">
<record>
  <leader>00971nam0a22002051i 450 </leader>
  <controlfield tag="001">IT\ICCU\CNCE\072588</controlfield>
  <controlfield tag="005">20080325000000.0</controlfield>
  <datafield tag="012" ind1=" " ind2=" ">
    <subfield code="a">6665 xiii i-u- Deqd (3) 1541 (R)</subfield>
    <subfield code="2">fei</subfield>
  </datafield>
  <datafield tag="100" ind1=" " ind2=" ">
    <subfield code="a">20080325d1541        0itac0103    ba</subfield>
  </datafield>
  <datafield tag="101" ind1=" " ind2=" ">
    <subfield code="a">LAT</subfield>
  </datafield>
  <datafield tag="102" ind1=" " ind2=" ">
    <subfield code="a">IT</subfield>
  </datafield>
  <datafield tag="200" ind1="1" ind2=" ">
    <subfield code="a">Diurnum monasticum iuxta ritum monachorum sancte Iustine nouiter impressum &amp; castigatissime emendatum: cum quibusdam additionibus commemorationum sanctorum et tonorum hymnorum nouissime appositis: eorum temporibus canendis</subfield>
  </datafield>
  <datafield tag="210" ind1=" " ind2=" ">
    <subfield code="a">1541(Venetiis</subfield>
    <subfield code="c">apud heredes Luceantonij Iunte Florentini</subfield>
    <subfield code="d">1541 mense Maio)</subfield>
  </datafield>
  <datafield tag="215" ind1=" " ind2=" ">
    <subfield code="a">\16!, 216 \i.e. 352! c.</subfield>
    <subfield code="c"> ill.</subfield>
    <subfield code="d">8ʻ</subfield>
  </datafield>
  <datafield tag="620" ind1=" " ind2=" ">
    <subfield code="a">IT</subfield>
    <subfield code="d">Venezia</subfield>
  </datafield>
  <datafield tag="710" ind1="0" ind2="2">
    <subfield code="a">Benedettini</subfield>
    <subfield code="3">IT\ICCU\CNCT\001593</subfield>
  </datafield>
  <datafield tag="712" ind1="0" ind2="0">
    <subfield code="a">Giunta, Lucantonio</subfield>
    <subfield code="c"> &lt;1.&gt; - eredi</subfield>
    <subfield code="3">IT\ICCU\CNCT\000312</subfield>
    <subfield code="4">650</subfield>
  </datafield>
  <datafield tag="790" ind1=" " ind2="0">
    <subfield code="a">Congregatio Casinensis</subfield>
    <subfield code="3">IT\ICCU\CNCA\027320</subfield>
    <subfield code="z">Benedettini</subfield>
  </datafield>
  <datafield tag="801" ind1=" " ind2="3">
    <subfield code="a">IT</subfield>
    <subfield code="b">ICCU</subfield>
    <subfield code="c">20201115</subfield>
  </datafield>
  <datafield tag="899" ind1=" " ind2=" ">
    <subfield code="a">Biblioteca comunale Ugo Nomi Venerosi-Pesciolini. San Gimignano</subfield>
    <subfield code="1">SI0037</subfield>
    <subfield code="2">RT1 PN</subfield>
  </datafield>
</record>
</collection>
